@misc{Ball2020,
  author       = {Matthew L. Ball},
  HowPublished = {\url{https://www.matthewball.vc/all/themetaverse}},
  title        = {The Metaverse: What It Is, Where to Find it, and Who Will Build It},
  year         = {2020}
}

@misc{Ball2022,
  author       = {Matthew L. Ball},
  howpublished = {\url{https://bigthink.com/series/the-big-think-interview/why-the-metaverse-matters/}},
  title        = {The metaverse explained in 14 minutes},
  year         = {2022},
  journal      = {Big Think}
}

@misc{Habitat1990,
  author       = {Chip Morningstar and F. Randall Farmer},
  howpublished = {\url{https://web.stanford.edu/class/history34q/readings/Virtual_Worlds/LucasfilmHabitat.html}},
  title        = {The Lessons of Lucasfilm's Habitat},
  year         = {1990}
}

@misc{Fascion2nd,
  author       = {Wiki Second Life},
  howpublished = {\url{https://wiki.secondlife.com/wiki/Fashion_in_Second_Life}},
  title        = {Fashion in Second Life}
}

@article{University2ndLife,
  author          = {Quin Parker},
  journal         = {The Guardian},
  title           = {A second look at school life},
  year            = {2007},
  url             = {https://www.theguardian.com/education/2007/apr/06/schools.uk}
}

@misc{UnitoIn2ndLife,
  author       = {Università di Torino},
  howpublished = {\url{https://www.unito.it/ateneo/gli-speciali/archivio-degli-speciali/second-life-e-unito}},
  title        = {Second Life e UniTo}
}

@misc{2ndLifeWikipedia,
  author       = {Wikipedia},
  howpublished = {\url{https://it.wikipedia.org/wiki/Second_Life}},
}

@misc{Stereoscopia,
  author       = {Wikipedia},
  howpublished = {\url{https://it.wikipedia.org/wiki/Stereoscopia}},
  title        = {Stereoscopia}
}

@misc{70and90VR,
  author       = {University of Illinois},
  howpublished = {\url{https://web.archive.org/web/20150821054144/http://archive.ncsa.illinois.edu/Cyberia/VETopLevels/VR.History.html}},
  title        = {National Center for Supercomputing Applications: History},
  year         = {2009}
}

@misc{LowPersistence,
  author       = {Mark Arguinbaev},
  howpublished = {\url{https://thevrsoldier.com/what-is-low-persistence/}},
  title        = {What is low Persistence?},
  year         = {2017}
}

@misc{BallUnreal,
  author       = {Matthew L. Ball and Jacob Navok},
  howpublished = {\url{https://www.matthewball.vc/all/epicprimer1/#section1}},
  title        = {Epic's Flywheel and Unreal Engine},
  year         = {2020}
}

@misc{USMilitaryUnreal,
  author       = {Sėbastien Lozė},
  howpublished = {\url{https://www.unrealengine.com/fr/spotlights/simcentric-scales-up-tactical-military-simulation-training-with-unreal-engine}},
  title        = {SimCentric scales up tactical military simulation training with Unreal Engine},
  year         = {2020}
}

@misc{PolygonUnreal,
  author       = {Chris Plante},
  howpublished = {\url{https://www.polygon.com/2012/10/1/3438196/better-with-age-a-history-of-epic-games}},
  title        = {Better with age: A history of Epic Games},
  year         = {2012}
}

@misc{UProgrIntro,
  author       = {Unreal Engine Documentation},
  howpublished = {\url{https://docs.unrealengine.com/4.26/en-US/ProgrammingAndScripting/ProgrammingWithCPP/IntroductionToCPP/}},
  title        = {Introduction to C++ Programming in UE4}
}

@misc{InterviewSweeney,
  author       = {David Lightbown},
  howpublished = {\url{https://www.gamedeveloper.com/design/classic-tools-retrospective-tim-sweeney-on-the-first-version-of-the-unreal-editor}},
  title        = {Classic Tools Retrospective: Tim Sweeney on the first version of the Unreal Editor},
  year         = {2018}
}

@misc{UHistory,
  author       = {Mike Thomsen},
  howpublished = {\url{https://web.archive.org/web/20220707005958/https://www.ign.com/articles/2010/02/23/history-of-the-unreal-engine?page=1}},
  title        = {HISTORY OF THE UNREAL ENGINE},
  year         = {2010}
}

@misc{ULevelEditor,
  author       = {Unreal Engine Documentation},
  howpublished = {\url{https://docs.unrealengine.com/5.0/en-US/level-editor-in-unreal-engine/}},
  title        = {Level Editor}
}

@misc{BlenderAbout,
  author       = {Blender},
  howpublished = {\url{https://www.blender.org/about/}},
  title        = {The Freedom to create}
}

@misc{BlenderHistory,
  author       = {Blender},
  howpublished = {\url{https://www.blender.org/about/history/}},
  title        = {History}
}